
@article{johnson-1999,
	Author = {Johnson, David W. and Johnson, Roger T.},
	Journal = {Theory into Practice},
	Number = {2},
	Pages = {67--73},
	Title = {Making Cooperative Learning Work},
	Volume = {38},
	Year = {1999},
	}
